%% This BibTeX bibliography file was created using BibDesk.
%% http://bibdesk.sourceforge.net/

%% Created for Johan Eikelboom at 2017-06-04 14:37:01 +0200 


%% Saved with string encoding Unicode (UTF-8) 



@webpage{lifelonglearningcbs,
	Date-Added = {2017-06-04 11:01:17 +0000},
	Date-Modified = {2017-06-04 11:03:00 +0000},
	Lastchecked = {04-06-2017},
	Url = {https://www.cbs.nl/en-gb/news/2016/07/the-netherlands-in-european-top-5-of-lifelong-learning-},
	Year = {2017}}

@article{Lewis198526,
	Author = {Matthew W Lewis and John R Anderson},
	Date-Added = {2017-05-28 18:28:31 +0000},
	Date-Modified = {2017-05-28 18:28:31 +0000},
	Doi = {https://doi.org/10.1016/0010-0285(85)90003-9},
	Issn = {0010-0285},
	Journal = {Cognitive Psychology},
	Number = {1},
	Pages = {26 - 65},
	Title = {Discrimination of operator schemata in problem solving: Learning from examples},
	Url = {http://www.sciencedirect.com/science/article/pii/0010028585900039},
	Volume = {17},
	Year = {1985},
	Bdsk-Url-1 = {http://www.sciencedirect.com/science/article/pii/0010028585900039},
	Bdsk-Url-2 = {https://doi.org/10.1016/0010-0285(85)90003-9}}

@book{schexpr,
	Author = {Paul Hudak},
	Date-Added = {2017-05-28 09:55:09 +0000},
	Date-Modified = {2017-05-28 09:56:49 +0000},
	Publisher = {Cambridge University Press},
	Title = {The Haskell School of Expression},
	Year = {2000}}

@book{frddd,
	Author = {Debasish Gosh},
	Date-Added = {2016-06-04 12:24:47 +0000},
	Date-Modified = {2016-06-04 12:26:35 +0000},
	Publisher = {Manning},
	Title = {Functional and Reactive Domain Modelling},
	Year = {2016 (MEAP)}}

@book{piscala,
	Author = {Martin Odersky, Lex Spoon, Bill Venners},
	Date-Added = {2016-06-04 12:24:47 +0000},
	Date-Modified = {2017-05-28 09:55:06 +0000},
	Publisher = {Artima},
	Title = {Programming in Scala},
	Year = {2016}}

@incollection{nonpro,
	Author = {Kenneth R. Koedinger and Vincent Aleven and Neil Heffernan and Bruce McLaren and Matthew Hockenberry},
	Booktitle = {ITS},
	Date-Added = {2016-04-29 14:48:29 +0000},
	Date-Modified = {2016-04-29 14:52:04 +0000},
	Pages = {162-174},
	Publisher = {Springer},
	Title = {Opening the Door to Non-programmers: Authoring Intelligent Tutor Behavior by Demonstration},
	Year = {2004}}

@url{ideasProject,
	Author = {IDEAS},
	Date-Added = {2016-04-04 18:21:50 +0000},
	Date-Modified = {2016-04-04 18:28:30 +0000},
	Lastchecked = {31-03-2016},
	Title = {IDEAS website},
	Url = {http://ideas.cs.uu.nl/www/},
	Urldate = {31-03-2016},
	Bdsk-Url-1 = {http://ideas.cs.uu.nl/www/}}

@inproceedings{irt,
	Author = {Diederik M. Roijers and Johan Jeuring and Ad Feelders},
	Booktitle = {Proceedings of the 2Nd International Conference on Learning Analytics and Knowledge},
	Date-Added = {2016-04-02 12:57:08 +0000},
	Date-Modified = {2016-06-13 18:16:43 +0000},
	Pages = {{255--258}},
	Title = {Probability estimation and a competence model for rule based e-tutoring systems},
	Year = {2012}}

@conference{askellems,
	Author = {Johan Jeuring and L. Thomas van Binsbergen and Alex Gerdes and Bastiaan Heeren},
	Booktitle = {Conference CSERC},
	Date-Added = {2016-04-02 12:15:00 +0000},
	Date-Modified = {2016-06-13 15:17:54 +0000},
	Title = {Model solutions and properties for diagnosing student programs in {A}sk-{E}lle},
	Year = {2014}}

@article{ideas,
	Author = {Bastiaan Heeren and Johan Jeuring and Alex Gerdes},
	Date-Added = {2016-03-25 15:09:58 +0000},
	Date-Modified = {2016-03-25 15:25:25 +0000},
	Journal = {Mathematics in Computer Science},
	Number = {349-370},
	Title = {Specifying Rewrite Strategies for Interactive Exercises},
	Volume = {3},
	Year = {2010}}

@article{ossm,
	Author = {Julio Guerra and Yun Huang and Roya Hosseini and Peter Brusilovsky},
	Date-Added = {2016-03-24 10:10:53 +0000},
	Date-Modified = {2016-03-24 10:17:11 +0000},
	Journal = {AIED 2015 Workshop Proceedings},
	Title = {Exploring the Effects of Open Social Student Model Beyond Social Comparison},
	Volume = {3},
	Year = {2015}}

@article{school,
	Author = {Kenneth R. Koedinger and John R. Anderson and William H. Hadley and Mary A. Mark},
	Date-Added = {2016-03-23 16:39:26 +0000},
	Date-Modified = {2016-06-13 15:39:28 +0000},
	Institution = {Carnegie Mellon University},
	Journal = {International Journal on Artificial Intelligence in Education},
	Pages = {30-43},
	Title = {Intelligent Tutoring Goes To School in the Big City},
	Volume = {8},
	Year = {1997}}

@article{CBMITS,
	Author = {Stellan Ohlsson},
	Date-Added = {2016-03-23 15:20:56 +0000},
	Date-Modified = {2016-06-13 18:17:06 +0000},
	Journal = {International Journal of Artificial Intelligence in Education},
	Number = {1},
	Pages = {{457--473}},
	Title = {Constraint-Based Modeling: From Cognitive Theory to Computer Tutoring -- and Back Again},
	Volume = {26},
	Year = {2016}}

@article{CB15,
	Author = {Antonija Mitrovic},
	Date-Added = {2016-03-23 15:17:14 +0000},
	Date-Modified = {2016-03-23 15:19:10 +0000},
	Journal = {User Model User-Adap Inter},
	Number = {39-72},
	Title = {Fifteen years of constraint-based tutors: what we have achieved and where we are going},
	Volume = {22},
	Year = {2012}}

@article{lifelonglearning,
	Author = {Philippe Kruchten},
	Date-Added = {2016-03-14 19:34:59 +0000},
	Date-Modified = {2016-03-14 19:37:24 +0000},
	Journal = {IEEE Software},
	Month = {July/August},
	Title = {Lifelong Learning for Lifelong Employment},
	Year = {2015}}

@webpage{lifelong,
	Date-Added = {2016-03-14 19:21:35 +0000},
	Date-Modified = {2016-03-14 19:22:39 +0000},
	Lastchecked = {14-03-2016},
	Month = {10},
	Url = {https://www.rijksoverheid.nl/actueel/nieuws/2014/10/31/kabinet-grijpt-in-bij-leven-lang-leren},
	Year = {2014},
	Bdsk-Url-1 = {https://www.rijksoverheid.nl/actueel/nieuws/2014/10/31/kabinet-grijpt-in-bij-leven-lang-leren}}

@article{onto2,
	Author = {Riichiro Mizoguchi and Jacqueline Bourdeau},
	Date-Added = {2016-03-06 18:39:32 +0000},
	Date-Modified = {2016-03-06 18:41:18 +0000},
	Journal = {Artificial Intelligence in Education},
	Pages = {91-106},
	Title = {Using Ontological Engineering to Overcome AI-ED Problems: Contribution, Impact and Perspectives},
	Volume = {26},
	Year = {2016}}

@article{cogload,
	Author = {Jeroen J. G. van Merri{\"e}nboer and John Sweller},
	Date-Added = {2016-03-06 11:48:50 +0000},
	Date-Modified = {2016-03-06 11:51:05 +0000},
	Journal = {Educational Psychology Review},
	Number = {2},
	Title = {Cognitive Load Theory and Complex Learning: Recent Developments and Future Directions},
	Volume = {17},
	Year = {2005}}

@article{loops,
	Author = {Kurt VanLehn},
	Date-Added = {2016-03-06 11:05:48 +0000},
	Date-Modified = {2016-03-06 11:07:02 +0000},
	Journal = {AIED},
	Pages = {107-112},
	Title = {Regulative Loops, Step Loops and Task Loops},
	Volume = {26},
	Year = {2016}}

@article{skill,
	Author = {Kurt VanLehn},
	Date-Added = {2016-03-06 10:02:53 +0000},
	Date-Modified = {2016-06-13 15:41:06 +0000},
	Journal = {Annu. Rev. Psychol.},
	Pages = {pages 513:539},
	Title = {Cognitive skill acquisition},
	Volume = {Vol 47},
	Year = {1996}}

@webpage{tsa,
	Author = {Paul Kirschner and Jeroen J. G. Van Merri{\"e}nboer},
	Date-Added = {2016-03-05 15:36:03 +0000},
	Date-Modified = {2016-03-05 15:52:00 +0000},
	Lastchecked = {05-03-2016},
	Title = {Ten Steps to Complex learning, A New Approach to Instruction and Instructional Design},
	Url = {http://hdl.handle.net/1820/2327},
	Year = {2008},
	Bdsk-Url-1 = {http://hdl.handle.net/1820/2327}}

@inbook{itsbook,
	Author = {Albert T. Corbett and Kenneth R. Koedinger and John R. Anderson},
	Date-Added = {2016-03-01 19:54:54 +0000},
	Date-Modified = {2016-06-13 15:03:40 +0000},
	Publisher = {Elsevier Science},
	Title = {Handbook of Human-Computer Interaction},
	Year = {1997}}

@book{dl2007,
	Author = {Franz Baader and Diego Calvanese and Deborah L. McGuiness and Danielle Nardi and Peter F Patel-Schneider},
	Date-Added = {2016-01-23 14:49:45 +0000},
	Date-Modified = {2016-06-04 12:07:37 +0000},
	Publisher = {Cambridge University Press},
	Title = {The description logic handbook},
	Year = {2007}}

@inproceedings{onto2014,
	Author = {Nikolitsa Aggelopoulou and Christos Pierrakeas and Alexander Artikis and Dimitris Kalles},
	Booktitle = {IEEE 14th International Conference on Advanced Learning Technologies (ICALT)},
	Date-Added = {2016-01-23 14:11:32 +0000},
	Date-Modified = {2016-01-23 14:14:40 +0000},
	Pages = {716-718},
	Title = {Ontological Modelling for Intelligent E-learning},
	Year = {2014}}

@inproceedings{hosseini2013,
	Author = {Roya Hosseini, Peter Brusilovsky},
	Booktitle = {AIED 2013 Workshops Proceedings},
	Date-Added = {2016-01-20 20:12:50 +0000},
	Date-Modified = {2016-01-20 20:22:35 +0000},
	Editor = {Nguyen-Thinh Le et al},
	Pages = {60-63},
	Title = {JavaParser: A Fine-Grained Concept Indexing Tool for Java Problems},
	Volume = {9},
	Year = {2013}}

@booklet{scorm,
	Author = {ADL},
	Date-Added = {2016-01-19 20:12:31 +0000},
	Date-Modified = {2016-01-19 20:18:49 +0000},
	Howpublished = {http://adlnet.gov/ retrieved 16-01-2016},
	Title = {The Scorm Overview},
	Year = {2001}}

@article{Anderson1986,
	Author = {John R. Anderson and Edward Skwarecki},
	Date-Added = {2016-01-18 19:06:15 +0000},
	Date-Modified = {2016-03-25 13:22:23 +0000},
	Journal = {Communications of the ACM},
	Number = {9},
	Title = {The automated tutoring of introductory computer programming},
	Volume = {29},
	Year = {1986}}

@inproceedings{Gerdes:2012:IFP:2325296.2325356,
	Address = {New York, NY, USA},
	Author = {Gerdes, Alex and Jeuring, Johan and Heeren, Bastiaan},
	Booktitle = {Proceedings of the 17th ACM Annual Conference on Innovation and Technology in Computer Science Education},
	Date-Added = {2016-01-18 18:53:40 +0000},
	Date-Modified = {2016-06-13 15:06:56 +0000},
	Pages = {250--255},
	Publisher = {ACM},
	Series = {ITiCSE '12},
	Title = {An Interactive Functional Programming Tutor},
	Year = {2012},
	Bdsk-Url-1 = {http://doi.acm.org/10.1145/2325296.2325356},
	Bdsk-Url-2 = {http://dx.doi.org/10.1145/2325296.2325356}}

@phdthesis{gerdes2012,
	Author = {Alex Gerdes},
	Date-Added = {2016-01-17 20:04:29 +0000},
	Date-Modified = {2016-01-17 20:05:33 +0000},
	School = {Open Universiteit Nederland},
	Title = {Ask-Elle: a Haskell Tutor},
	Year = {2012}}

@inproceedings{olmer2014,
	Author = {Tim Olmer, Bastiaan Heeren, Johan Jeuring},
	Booktitle = {Proceedings 3rd International Workshop on Trends in Functional Programming in Education, {TFPIE} 2014, Soesterberg, The Netherlands, 25th May 2014},
	Date-Added = {2016-01-17 19:58:51 +0000},
	Date-Modified = {2016-08-14 17:31:11 +0000},
	Pages = {50--66},
	School = {Open Universiteit Nederland},
	Title = {Evaluating Haskell expressions in a tutoring environment},
	Year = {2014}}

@article{vanlehn2011,
	Author = {Kurt VanLehn},
	Date-Added = {2016-01-15 14:08:42 +0000},
	Date-Modified = {2016-01-15 14:09:53 +0000},
	Journal = {Educational Psychologist},
	Number = {4},
	Pages = {197-221},
	Title = {The Relative Effectiveness of Human Tutoring, Intelligent Tutoring Systems, and Other Tutoring Systems},
	Volume = {46},
	Year = {2011},
	Bdsk-File-1 = {YnBsaXN0MDDUAQIDBAUGJCVYJHZlcnNpb25YJG9iamVjdHNZJGFyY2hpdmVyVCR0b3ASAAGGoKgHCBMUFRYaIVUkbnVsbNMJCgsMDxJXTlMua2V5c1pOUy5vYmplY3RzViRjbGFzc6INDoACgAOiEBGABIAFgAdccmVsYXRpdmVQYXRoWWFsaWFzRGF0YV8QIS4uLy4uLy4uLy4uL0Rvd25sb2Fkcy9zY2llbmNlLmJpYtIXCxgZV05TLmRhdGFPEQGKAAAAAAGKAAIAABFBUFBMRSBTU0QgU00wMjU2RwAAAAAAAAAAAADTlbFdSCsAAAAGhuYLc2NpZW5jZS5iaWIAAAAAAAAAAAAAAAAAAAAAAAAAAAAAAAAAAAAAAAAAAAAAAAAAAAAAAAAAAAAAAAAAAAAAANVen9VQ4dIAAAAAAAAAAAAEAAIAAAkgAAAAAAAAAAAAAAAAAAAACURvd25sb2FkcwAAEAAIAADTlZU9AAAAEQAIAADVUMWyAAAAAQAMAAaG5gAGhuMABjBqAAIAO0FQUExFIFNTRCBTTTAyNTZHOlVzZXJzOgBqZWlrZWxib29tOgBEb3dubG9hZHM6AHNjaWVuY2UuYmliAAAOABgACwBzAGMAaQBlAG4AYwBlAC4AYgBpAGIADwAkABEAQQBQAFAATABFACAAUwBTAEQAIABTAE0AMAAyADUANgBHABIAJlVzZXJzL2plaWtlbGJvb20vRG93bmxvYWRzL3NjaWVuY2UuYmliABMAAS8AABUAAgAR//8AAIAG0hscHR5aJGNsYXNzbmFtZVgkY2xhc3Nlc11OU011dGFibGVEYXRhox0fIFZOU0RhdGFYTlNPYmplY3TSGxwiI1xOU0RpY3Rpb25hcnmiIiBfEA9OU0tleWVkQXJjaGl2ZXLRJidUcm9vdIABAAgAEQAaACMALQAyADcAQABGAE0AVQBgAGcAagBsAG4AcQBzAHUAdwCEAI4AsgC3AL8CTQJPAlQCXwJoAnYCegKBAooCjwKcAp8CsQK0ArkAAAAAAAACAQAAAAAAAAAoAAAAAAAAAAAAAAAAAAACuw==}}

@article{vanlehn2005,
	Author = {Kurt VanLehn},
	Date-Added = {2016-01-15 13:31:13 +0000},
	Date-Modified = {2016-06-13 15:38:07 +0000},
	Journal = {International Journal of Artificial Intelligence in Education},
	Number = {3},
	Title = {The {A}ndes {P}hysics {T}utoring {S}ystem: {L}essons {L}earned},
	Volume = {15},
	Year = {2005}}

@article{Kischner2006,
	Author = {Richard E. Clark, Paul A. Kirschner, John Sweller},
	Date-Added = {2016-01-14 20:32:17 +0000},
	Date-Modified = {2016-08-14 11:32:27 +0000},
	Journal = {Educational Psychologist},
	Number = {2},
	Pages = {75-86},
	Title = {Why Minimal Guidance During Instruction Does Not Work: An Analysis of the Failure of Constructivist, Discovery, Problem-Based, Experiential, and Inquiry-Based Teaching},
	Volume = {41},
	Year = {2006}}

@article{vanlehn2006,
	Author = {Kurt VanLehn},
	Date-Added = {2016-01-14 20:15:44 +0000},
	Date-Modified = {2016-01-15 13:58:32 +0000},
	Journal = {International Journal on Artificial Intelligence in Education},
	Number = {3},
	Title = {The Behavior of Tutoring Systems},
	Volume = {16},
	Year = {2006}}

@techreport{heckerman_1995,
	Author = {David Heckerman},
	Date-Added = {2015-11-11 19:06:49 +0000},
	Date-Modified = {2016-01-13 20:20:06 +0000},
	Institution = {Microsoft Research},
	Month = {March},
	Number = {MSR-TR-95-06},
	Pages = {57},
	Title = {A Tutorial on Learning With Bayesian Networks},
	Url = {http://research.microsoft.com/apps/pubs/default.aspx?id=69588},
	Year = {1995},
	Bdsk-Url-1 = {http://research.microsoft.com/apps/pubs/default.aspx?id=69588}}

@book{kirschner_2013,
	Address = {New York},
	Author = {Jeroen J. G. van Merri{\"e}nboer and Paul A. Kirschner},
	Date-Modified = {2016-01-13 20:21:37 +0000},
	Edition = {second},
	Publisher = {Routledge},
	Title = {Ten steps to complex learning},
	Year = {2013},
	Bdsk-File-1 = {YnBsaXN0MDDUAQIDBAUGJCVYJHZlcnNpb25YJG9iamVjdHNZJGFyY2hpdmVyVCR0b3ASAAGGoKgHCBMUFRYaIVUkbnVsbNMJCgsMDxJXTlMua2V5c1pOUy5vYmplY3RzViRjbGFzc6INDoACgAOiEBGABIAFgAdccmVsYXRpdmVQYXRoWWFsaWFzRGF0YV8QIS4uLy4uLy4uLy4uL0Rvd25sb2Fkcy9zY2llbmNlLmJpYtIXCxgZV05TLmRhdGFPEQGKAAAAAAGKAAIAABFBUFBMRSBTU0QgU00wMjU2RwAAAAAAAAAAAADTlbFdSCsAAAAGhuYLc2NpZW5jZS5iaWIAAAAAAAAAAAAAAAAAAAAAAAAAAAAAAAAAAAAAAAAAAAAAAAAAAAAAAAAAAAAAAAAAAAAAANVen9VQ4dIAAAAAAAAAAAAEAAIAAAkgAAAAAAAAAAAAAAAAAAAACURvd25sb2FkcwAAEAAIAADTlZU9AAAAEQAIAADVUMWyAAAAAQAMAAaG5gAGhuMABjBqAAIAO0FQUExFIFNTRCBTTTAyNTZHOlVzZXJzOgBqZWlrZWxib29tOgBEb3dubG9hZHM6AHNjaWVuY2UuYmliAAAOABgACwBzAGMAaQBlAG4AYwBlAC4AYgBpAGIADwAkABEAQQBQAFAATABFACAAUwBTAEQAIABTAE0AMAAyADUANgBHABIAJlVzZXJzL2plaWtlbGJvb20vRG93bmxvYWRzL3NjaWVuY2UuYmliABMAAS8AABUAAgAR//8AAIAG0hscHR5aJGNsYXNzbmFtZVgkY2xhc3Nlc11OU011dGFibGVEYXRhox0fIFZOU0RhdGFYTlNPYmplY3TSGxwiI1xOU0RpY3Rpb25hcnmiIiBfEA9OU0tleWVkQXJjaGl2ZXLRJidUcm9vdIABAAgAEQAaACMALQAyADcAQABGAE0AVQBgAGcAagBsAG4AcQBzAHUAdwCEAI4AsgC3AL8CTQJPAlQCXwJoAnYCegKBAooCjwKcAp8CsQK0ArkAAAAAAAACAQAAAAAAAAAoAAAAAAAAAAAAAAAAAAACuw==}}

@book{woolf_2010,
	Address = {Burlington, Massachusets},
	Author = {Beverly Park Woolf},
	Date-Modified = {2016-01-13 20:20:38 +0000},
	Edition = {second},
	Publisher = {Morgan Kaufmann},
	Title = {Building Intelligent Interactive Tutors},
	Year = {2010}}

@book{hutton_2016,
	Author = {Graham Hutton},
	Date-Modified = {2016-10-23 18:03:14 +0000},
	Edition = {second Edition},
	Publisher = {Cambridge University Press},
	Title = {Programming in Haskell},
	Year = {2016}}

@article{anderson_1996,
	Author = {John R. Anderson},
	Date-Modified = {2016-01-13 20:20:13 +0000},
	Journal = {American Psychologist},
	Title = {ACT: a simple theory of cognition},
	Volume = {51(4)},
	Year = {1996}}

@article{corbett_1995,
	Author = {Albert T. Corbett and John R. Anderson},
	Date-Modified = {2016-06-13 16:59:04 +0000},
	Journal = {User Modeling and User-Adapted Interaction},
	Pages = {253-278},
	Title = {Knowledge Tracing: Modeling the {A}cquisition of {P}rocedural {K}nowledge},
	Volume = {4},
	Year = {1995}}

@techreport{li_2012,
	Author = {Nan Li and Eliane Stampfer and William W. Cohen and Kenneth R. Koedinger},
	Date-Modified = {2016-01-13 20:20:49 +0000},
	Institution = {School of Computer Science , Carnegie Mellon University},
	Title = {General and Efficient Cognitive Model Discovery Using a Simulated Student},
	Year = {2012}}

@article{brusilovskiy_1993,
	Author = {P.L. Brusilovskiy},
	Date-Modified = {2016-01-13 20:21:45 +0000},
	Journal = {Journal of Computer and Systems Sciences International},
	Title = {The Construction and Application of Student Models in Intelligent Tutoring Systems},
	Volume = {32(1)},
	Year = {1994}}

@inproceedings{brusilovsky_1994,
	Author = {Peter Brusilovsky},
	Booktitle = {Fourth international conference on User Modeling},
	Date-Modified = {2016-01-13 20:21:21 +0000},
	Title = {Student model centered architecture for intelligent learning environments},
	Year = {1994}}

@article{chrysafiadi_2013,
	Author = {Konstantina Chrysafiadi and Maria Virvou},
	Date-Modified = {2016-01-13 20:21:30 +0000},
	Journal = {Expert Systems with Applications},
	Title = {Student modeling approaches: A literature review for the last decade},
	Volume = {40},
	Year = {2013}}

@inproceedings{fum_1990,
	Author = {Danilo Fum and Paolo Giangrandi and Carlo Tasso},
	Booktitle = {AAAI-90},
	Date-Modified = {2016-01-13 20:20:30 +0000},
	Organization = {AAAI},
	Title = {Backward Model Tracing: An Explanation-Based Approach for Reconstructing Student Reasoning},
	Year = {1990}}
